@inproceedings{BrowserID,
  author    = {Daniel Fett and
               Ralf K{\"{u}}sters and
               Guido Schmitz},
  title     = {Analyzing the BrowserID {SSO} System with Primary Identity Providers
               Using an Expressive Model of the Web},
  booktitle = {20th European Symposium on Research
               in Computer Security (ESORICS)},
  pages     = {43--65},
  year      = {2015},
}

@inproceedings{ChenPCTKT14,
  author    = {Eric Y. Chen and
               Yutong Pei and
               Shuo Chen and
               Yuan Tian and
               Robert Kotcher and
               Patrick Tague},
  title     = {OAuth Demystified for Mobile Application Developers},
  booktitle = {Proceedings of the 2014 {ACM} {SIGSAC} Conference on Computer and
               Communications Security, Scottsdale, AZ, USA, November 3-7, 2014},
  pages     = {892--903},
  year      = {2014},
  url       = {https://doi.org/10.1145/2660267.2660323},
  doi       = {10.1145/2660267.2660323},
  timestamp = {Wed, 14 Nov 2018 10:54:58 +0100},
  biburl    = {https://dblp.org/rec/bib/conf/ccs/ChenPCTKT14},
  bibsource = {dblp computer science bibliography, https://dblp.org}
}

@inproceedings{FettKS16,
  author    = {Daniel Fett and
               Ralf K{\"{u}}sters and
               Guido Schmitz},
  title     = {A Comprehensive Formal Security Analysis of OAuth 2.0},
  booktitle = {Proceedings of the 2016 {ACM} {SIGSAC} Conference on Computer and
               Communications Security, Vienna, Austria, October 24-28, 2016},
  pages     = {1204--1215},
  year      = {2016},
  url       = {https://doi.org/10.1145/2976749.2978385},
  doi       = {10.1145/2976749.2978385},
  timestamp = {Tue, 06 Nov 2018 11:07:29 +0100},
  biburl    = {https://dblp.org/rec/bib/conf/ccs/FettKS16},
  bibsource = {dblp computer science bibliography, https://dblp.org}
}

@inproceedings{HanCSTW18,
  author    = {Jinguang Han and
               Liqun Chen and
               Steve Schneider and
               Helen Treharne and
               Stephan Wesemeyer},
  title     = {Anonymous Single-Sign-On for n Designated Services with Traceability},
  booktitle = {Computer Security - 23rd European Symposium on Research in Computer
               Security, {ESORICS} 2018, Barcelona, Spain, September 3-7, 2018, Proceedings,
               Part {I}},
  pages     = {470--490},
  year      = {2018},
  url       = {https://doi.org/10.1007/978-3-319-99073-6\_23},
  doi       = {10.1007/978-3-319-99073-6\_23},
  timestamp = {Mon, 13 Aug 2018 14:33:29 +0200},
  biburl    = {https://dblp.org/rec/bib/conf/esorics/HanCSTW18},
  bibsource = {dblp computer science bibliography, https://dblp.org}
},
year={2018}}

@inproceedings{SPRESSO,
  author    = {Daniel Fett and
               Ralf K{\"{u}}sters and
               Guido Schmitz},
  title     = {{SPRESSO:} {A} Secure, Privacy-Respecting Single Sign-On System for
               the Web},
  booktitle = {Proceedings of the 22nd {ACM} {SIGSAC} Conference on Computer and
               Communications Security, Denver, CO, USA, October 12-16, 2015},
  pages     = {1358--1369},
  year      = {2015},
  url       = {https://doi.org/10.1145/2810103.2813726},
  doi       = {10.1145/2810103.2813726},
  timestamp = {Tue, 06 Nov 2018 11:07:28 +0100},
  biburl    = {https://dblp.org/rec/bib/conf/ccs/FettKS15},
  bibsource = {dblp computer science bibliography, https://dblp.org}
}

@inproceedings{WangCW12,
  author    = {Rui Wang and
               Shuo Chen and
               XiaoFeng Wang},
  title     = {Signing Me onto Your Accounts through Facebook and Google: {A} Traffic-Guided
               Security Study of Commercially Deployed Single-Sign-On Web Services},
  booktitle = {{IEEE} Symposium on Security and Privacy, {SP} 2012, 21-23 May 2012,
               San Francisco, California, {USA}},
  pages     = {365--379},
  year      = {2012},
  url       = {https://doi.org/10.1109/SP.2012.30},
  doi       = {10.1109/SP.2012.30},
  timestamp = {Thu, 09 Aug 2018 10:56:09 +0200},
  biburl    = {https://dblp.org/rec/bib/conf/sp/WangCW12},
  bibsource = {dblp computer science bibliography, https://dblp.org}
}

@inproceedings{ZhouE14,
  author    = {Yuchen Zhou and
               David Evans},
  title     = {SSOScan: Automated Testing of Web Applications for Single Sign-On
               Vulnerabilities},
  booktitle = {Proceedings of the 23rd {USENIX} Security Symposium, San Diego, CA,
               USA, August 20-22, 2014.},
  pages     = {495--510},
  year      = {2014},
  url       = {https://www.usenix.org/conference/usenixsecurity14/technical-sessions/presentation/zhou},
  timestamp = {Tue, 13 Mar 2018 15:08:56 +0100},
  biburl    = {https://dblp.org/rec/bib/conf/uss/ZhouE14},
  bibsource = {dblp computer science bibliography, https://dblp.org}
}

@inproceedings{WangZLG16,
  author    = {Hui Wang and
               Yuanyuan Zhang and
               Juanru Li and
               Dawu Gu},
  title     = {The Achilles heel of OAuth: a multi-platform study of OAuth-based
               authentication},
  booktitle = {Proceedings of the 32nd Annual Conference on Computer Security Applications,
               {ACSAC} 2016, Los Angeles, CA, USA, December 5-9, 2016},
  pages     = {167--176},
  year      = {2016},
  url       = {http://dl.acm.org/citation.cfm?id=2991105},
  timestamp = {Tue, 06 Nov 2018 16:59:24 +0100},
  biburl    = {https://dblp.org/rec/bib/conf/acsac/WangZLG16},
  bibsource = {dblp computer science bibliography, https://dblp.org}
}

@inproceedings{HanMSY10,
  author    = {Jinguang Han and
               Yi Mu and
               Willy Susilo and
               Jun Yan},
  title     = {A Generic Construction of Dynamic Single Sign-on with Strong Security},
  booktitle = {Security and Privacy in Communication Networks - 6th Iternational
               {ICST} Conference, SecureComm 2010, Singapore, September 7-9, 2010.
               Proceedings},
  pages     = {181--198},
  year      = {2010},
  url       = {https://doi.org/10.1007/978-3-642-16161-2\_11},
  doi       = {10.1007/978-3-642-16161-2\_11},
  timestamp = {Wed, 07 Nov 2018 08:31:32 +0100},
  biburl    = {https://dblp.org/rec/bib/conf/securecomm/HanMSY10},
  bibsource = {dblp computer science bibliography, https://dblp.org}
}

@Misc{OpenIDConnect,
howpublished = {\url{https://openid.net/specs/openid-connect-core-1_0.html}},
title = {OpenID Connect Core 1.0 incorporating errata set 1},
author = {N. Sakimura, NRI, J. Bradley}
}

@article{rfc6749,
  author    = {Dick Hardt},
  title     = {The OAuth 2.0 Authorization Framework},
  journal   = {{RFC}},
  volume    = {6749},
  pages     = {1--76},
  year      = {2012},
  url       = {https://doi.org/10.17487/RFC6749},
  doi       = {10.17487/RFC6749},
  timestamp = {Wed, 14 Nov 2018 10:20:00 +0100},
  biburl    = {https://dblp.org/rec/bib/journals/rfc/rfc6749},
  bibsource = {dblp computer science bibliography, https://dblp.org}
}

@article{rfc6819,
  author    = {Torsten Lodderstedt and
               Mark Mcgloin and
               Phil Hunt},
  title     = {OAuth 2.0 Threat Model and Security Considerations},
  journal   = {{RFC}},
  volume    = {6819},
  pages     = {1--71},
  year      = {2013},
  url       = {https://doi.org/10.17487/RFC6819},
  doi       = {10.17487/RFC6819},
  timestamp = {Wed, 14 Nov 2018 10:20:19 +0100},
  biburl    = {https://dblp.org/rec/bib/journals/rfc/rfc6819},
  bibsource = {dblp computer science bibliography, https://dblp.org}
}

@Misc{Facebook,
howpublished = {\url{https://developers.facebook.com/docs/facebook-login/manually-build-a-login-flow/}},
title = {Manually build a login flow}
}

@article{rfc7519,
  author    = {Michael B. Jones and
               John Bradley and
               Nat Sakimura},
  title     = {{JSON} Web Token {(JWT)}},
  journal   = {{RFC}},
  volume    = {7519},
  pages     = {1--30},
  year      = {2015},
  url       = {https://doi.org/10.17487/RFC7519},
  doi       = {10.17487/RFC7519},
  timestamp = {Wed, 14 Nov 2018 10:20:24 +0100},
  biburl    = {https://dblp.org/rec/bib/journals/rfc/rfc7519},
  bibsource = {dblp computer science bibliography, https://dblp.org}
}

@Misc{Google,
howpublished = {\url{https://developers.google.com/identity/}},
title = {Google Identity Platform}
}

@Misc{DynamicRegistration,
howpublished = {\url{https://openid.net/specs/openid-connect-registration-1_0.html}},
title = {OpenID Connect Dynamic Client Registration 1.0 incorporating errata set 1},
author = {N. Sakimura, NRI, J. Bradley}
}

@article{DiffieH76,
  author    = {Whitfield Diffie and
               Martin E. Hellman},
  title     = {New directions in cryptography},
  journal   = {{IEEE} Trans. Information Theory},
  volume    = {22},
  number    = {6},
  pages     = {644--654},
  year      = {1976},
  url       = {https://doi.org/10.1109/TIT.1976.1055638},
  doi       = {10.1109/TIT.1976.1055638},
  timestamp = {Wed, 14 Nov 2018 10:27:05 +0100},
  biburl    = {https://dblp.org/rec/bib/journals/tit/DiffieH76},
  bibsource = {dblp computer science bibliography, https://dblp.org}
}

@article{rfc3526,
  author    = {Tero Kivinen and
               Mika Kojo},
  title     = {More Modular Exponential {(MODP)} Diffie-Hellman groups for Internet
               Key Exchange {(IKE)}},
  journal   = {{RFC}},
  volume    = {3526},
  pages     = {1--10},
  year      = {2003},
  url       = {https://doi.org/10.17487/RFC3526},
  doi       = {10.17487/RFC3526},
  timestamp = {Wed, 14 Nov 2018 10:20:40 +0100},
  biburl    = {https://dblp.org/rec/bib/journals/rfc/rfc3526},
  bibsource = {dblp computer science bibliography, https://dblp.org}
}

@article{shiu2007cryptography:,
    title={Cryptography: Theory and practice (3rd edn), by Douglas R. Stinson. Pp. 593. 2006. (hbk) 拢39.99. ISBN 1 58488 508 4 (Chapman and Hall / CRC).},
    author={Shiu, Peter},
    journal={The Mathematical Gazette},
    volume={91},
    number={520},
    pages={189},
    year={2007}
}

@article{FettKS14,
  author    = {Daniel Fett and
               Ralf K{\"{u}}sters and
               Guido Schmitz},
  title     = {An Expressive Model for the Web Infrastructure: Definition and Application
               to the BrowserID {SSO} System},
  journal   = {CoRR},
  volume    = {abs/1403.1866},
  year      = {2014},
  url       = {http://arxiv.org/abs/1403.1866},
  archivePrefix = {arXiv},
  eprint    = {1403.1866},
  timestamp = {Mon, 13 Aug 2018 16:47:55 +0200},
  biburl    = {https://dblp.org/rec/bib/journals/corr/FettKS14},
  bibsource = {dblp computer science bibliography, https://dblp.org}
}

@article{NIST,
  author    = {Garcia Michael E Fenton James L Grassi, Paul A},
  title     = {Digital Identity Guidelines},
  journal   = {{NIST 800-63-3}},
  year      = {2017},
  url       = {https://www.nist.gov/publications/digital-identity-guidelines}
}

@inproceedings{YangLLZH16,
  author    = {Ronghai Yang and
               Guanchen Li and
               Wing Cheong Lau and
               Kehuan Zhang and
               Pili Hu},
  title     = {Model-based Security Testing: An Empirical Study on OAuth 2.0 Implementations},
  booktitle = {Proceedings of the 11th {ACM} on Asia Conference on Computer and Communications
               Security, AsiaCCS 2016, Xi'an, China, May 30 - June 3, 2016},
  pages     = {651--662},
  year      = {2016},
  url       = {https://doi.org/10.1145/2897845.2897874},
  doi       = {10.1145/2897845.2897874},
  timestamp = {Tue, 06 Nov 2018 11:07:30 +0100},
  biburl    = {https://dblp.org/rec/bib/conf/ccs/YangLLZH16},
  bibsource = {dblp computer science bibliography, https://dblp.org}
}

@inproceedings{WangZLLYLG15,
  author    = {Hui Wang and
               Yuanyuan Zhang and
               Juanru Li and
               Hui Liu and
               Wenbo Yang and
               Bodong Li and
               Dawu Gu},
  title     = {Vulnerability Assessment of OAuth Implementations in Android Applications},
  booktitle = {Proceedings of the 31st Annual Computer Security Applications Conference,
               Los Angeles, CA, USA, December 7-11, 2015},
  pages     = {61--70},
  year      = {2015},
  url       = {https://doi.org/10.1145/2818000.2818024},
  doi       = {10.1145/2818000.2818024},
  timestamp = {Tue, 06 Nov 2018 16:59:24 +0100},
  biburl    = {https://dblp.org/rec/bib/conf/acsac/WangZLLYLG15},
  bibsource = {dblp computer science bibliography, https://dblp.org}
}

@inproceedings{SomorovskyMSKJ12,
  author    = {Juraj Somorovsky and
               Andreas Mayer and
               J{\"{o}}rg Schwenk and
               Marco Kampmann and
               Meiko Jensen},
  title     = {On Breaking {SAML:} Be Whoever You Want to Be},
  booktitle = {Proceedings of the 21th {USENIX} Security Symposium, Bellevue, WA,
               USA, August 8-10, 2012},
  pages     = {397--412},
  year      = {2012},
  url       = {https://www.usenix.org/conference/usenixsecurity12/technical-sessions/presentation/somorovsky},
  timestamp = {Wed, 04 Jul 2018 13:06:34 +0200},
  biburl    = {https://dblp.org/rec/bib/conf/uss/SomorovskyMSKJ12},
  bibsource = {dblp computer science bibliography, https://dblp.org}
}

@Misc{persona,
howpublished = {\url{https://developer.mozilla.org/en-US/docs/Archive/Mozilla/Persona}},
title = {{Persona}},
author = {Mozilla Developer Network (MDN)}
}


@article{SAML,
  title={Profiles for the oasis security assertion markup language (saml) v2. 0},
  author={Hughes, John and Cantor, Scott and Hodges, Jeff and Hirsch, Frederick and Mishra, Prateek and Philpott, Rob and Maler, Eve},
  journal={OASIS standard},
  year={2005}
}

@article{SAMLIdentifier,
  title={SAML V2.0 Subject Identifier Attributes Profile Version 1.0},
  author={Thomas Hardjono and Scott Cantor},
  journal={OASIS standard},
  year={2019}
}

@inproceedings{anti_phishing,
  title={An Anti-Phishing mechanism for single sign-on based on QR-code},
  author={Mukhopadhyay, Syamantak and Argles, David},
  booktitle={International Conference on Information Society (i-Society 2011)},
  pages={505--508},
  year={2011},
  organization={IEEE}
}

@inproceedings{devil_phishing,
  title={The devil is phishing: Rethinking web single sign-on systems security},
  author={Yue, Chuan},
  booktitle={Presented as part of the 6th $\{$USENIX$\}$ Workshop on Large-Scale Exploits and Emergent Threats},
  year={2013}
}

@inproceedings{mechanism_phishing,
  title={A mechanism to prevent RP phishing in OpenID system},
  author={You, Jae-Hwe and Jun, Moon-Seog},
  booktitle={2010 IEEE/ACIS 9th International Conference on Computer and Information Science},
  pages={876--880},
  year={2010},
  organization={IEEE}
}

@article{NIST2017draft,
  title={DRAFT NIST Special Publication 800-63C Federation and Assertions},
  author={Grassi, Paul A and Garcia, M and Fenton, J},
  journal={National Institute of Standards and Technology, Los Altos, CA},
  year={2017}
}

@inproceedings{FettKS17,
  author    = {Daniel Fett and
               Ralf K{\"{u}}sters and
               Guido Schmitz},
  title     = {The Web {SSO} Standard OpenID Connect: In-depth Formal Security Analysis
               and Security Guidelines},
  booktitle = {30th {IEEE} Computer Security Foundations Symposium, {CSF} 2017, Santa
               Barbara, CA, USA, August 21-25, 2017},
  pages     = {189--202},
  year      = {2017},
  url       = {https://doi.org/10.1109/CSF.2017.20},
  doi       = {10.1109/CSF.2017.20},
  timestamp = {Mon, 16 Oct 2017 15:00:33 +0200},
  biburl    = {https://dblp.org/rec/bib/conf/csfw/FettKS17},
  bibsource = {dblp computer science bibliography, https://dblp.org}
}

@article{rfc6750,
  author    = {Michael B. Jones and
               Dick Hardt},
  title     = {The OAuth 2.0 Authorization Framework: Bearer Token Usage},
  journal   = {{RFC}},
  volume    = {6750},
  pages     = {1--18},
  year      = {2012},
  url       = {https://doi.org/10.17487/RFC6750},
  doi       = {10.17487/RFC6750},
  timestamp = {Tue, 14 May 2019 10:04:42 +0200},
  biburl    = {https://dblp.org/rec/bib/journals/rfc/rfc6750},
  bibsource = {dblp computer science bibliography, https://dblp.org}
}

@Misc{facebooknews,
howpublished = {\url{https://www.theguardian.com/news/2018/mar/17/cambridge-analytica-facebook-influence-us-election}},
note = {Accessed July 20, 2019},
title = {Revealed: 50 million Facebook profiles harvested for Cambridge Analytica in major data breach},
author = {Carole Cadwalladr and Emma Graham-Harrison}
}

@Misc{googlenews,
howpublished = {\url{https://www.eff.org/deeplinks/2019/02/google-screenwise-unwise-trade-all-your-privacy-cash}},
note = {Accessed July 20, 2019},
title = {Google Screenwise: An Unwise Trade of All Your Privacy for Cash},
author = {SYDNEY LI AND JASON KELLEY}
}

@Misc{Onavo,
howpublished = {\url{https://www.eff.org/deeplinks/2019/01/what-we-should-learn-facebook-research}},
note = {Accessed July 20, 2019},
title = {What We Should Learn From “Facebook Research”},
author = {BENNETT CYPHERS AND JASON KELLEY}
}

@Misc{similarweb,
howpublished = {\url{https://pro.similarweb.com/#/industry/topsites/All/999/1m?webSource=Total}},
note = {Accessed July 20, 2019},
title = {Top Websites},
}

@inproceedings{DNS,
  author    = {Hannes Federrath and
               Karl{-}Peter Fuchs and
               Dominik Herrmann and
               Christopher Piosecny},
  title     = {Privacy-Preserving {DNS:} Analysis of Broadcast, Range Queries and
               Mix-Based Protection Methods},
  booktitle = {Computer Security - {ESORICS} 2011 - 16th European Symposium on Research
               in Computer Security},
  pages     = {665--683},
  year      = {2011},
}

@inproceedings{browseridfett2014,
  title={An expressive model for the Web infrastructure: Definition and application to the Browser ID SSO system},
  author={Fett, Daniel and K{\"u}sters, Ralf and Schmitz, Guido},
  booktitle={2014 IEEE Symposium on Security and Privacy},
  pages={673--688},
  year={2014},
  organization={IEEE}
}

@misc{gilbert2013formal,
  title={Formal Analysis of BrowserID/Mozilla Persona},
  author={Gilbert, Connor and Upatising, Laza},
  year={2013}
}

@article{Shoup,
  title={Searching for primitive roots in finite fields},
  author={Shoup, Victor},
  journal={Mathematics of Computation},
  volume={58},
  number={197},
  pages={369--380},
  year={1992}
}

@book{WXWM,
  title={Mathematical foundations of public key cryptography},
  author={Wang, Xiaoyun and Xu, Guangwu and Wang, Mingqiang and Meng, Xianmeng},
  year={2015},
  publisher={CRC Press}
}

@article{Wang,
	title={On the least primitive root of a prime},
 	author={Y. Wang},
 	journal={\sl Scientia S¨ªnica},
 	volume={5},
  	pages={1--14},
  	year={1961}
}